<record><leader>00000cas a2200000 a 4500</leader><controlfield tag="001">15024927</controlfield><controlfield tag="008">861230d19uu1951miucr ne      0    0eng c</controlfield><datafield ind1=" " ind2=" " tag="010"><subfield code="a">sn 86086912 </subfield></datafield><datafield ind1=" " ind2=" " tag="040"><subfield code="a">NPV</subfield><subfield code="b">eng</subfield><subfield code="c">NPV</subfield><subfield code="d">OCL</subfield><subfield code="d">MHN</subfield><subfield code="d">OCL</subfield><subfield code="d">MHN</subfield><subfield code="d">OCLCQ</subfield><subfield code="d">OCLCF</subfield><subfield code="d">OCLCO</subfield></datafield><datafield ind1=" " ind2=" " tag="042"><subfield code="a">pcc</subfield></datafield><datafield ind1=" " ind2=" " tag="043"><subfield code="a">n-us-mi</subfield></datafield><datafield ind1="0" ind2=" " tag="130"><subfield code="a">Reflector (Ishpeming, Mich.)</subfield></datafield><datafield ind1="1" ind2="4" tag="245"><subfield code="a">The reflector.</subfield></datafield><datafield ind1=" " ind2=" " tag="260"><subfield code="a">Ishpeming, Mich. :</subfield><subfield code="b">Iron Ore,</subfield><subfield code="c">-1951.</subfield></datafield><datafield ind1=" " ind2=" " tag="300"><subfield code="a">v.</subfield></datafield><datafield ind1=" " ind2=" " tag="310"><subfield code="a">Semiweekly</subfield></datafield><datafield ind1="0" ind2=" " tag="362"><subfield code="a">-v. 20, no. 10 (Mar. 29, 1951) = Whole no. 1893.</subfield></datafield><datafield ind1=" " ind2=" " tag="515"><subfield code="a">Numbering irregular.</subfield></datafield><datafield ind1=" " ind2=" " tag="580"><subfield code="a">Merged with: Iron ore (Ishpeming, Mich.), to form: Iron ore and reflector.</subfield></datafield><datafield ind1=" " ind2=" " tag="588"><subfield code="a">Description based on: Vol. 2[0], no. 1 (Feb. 27, 1951) = Whole no. 1894 [i.e. 1884].</subfield></datafield><datafield ind1=" " ind2="0" tag="651"><subfield code="a">Ishpeming (Mich.)</subfield><subfield code="v">Newspapers.</subfield></datafield><datafield ind1=" " ind2="0" tag="651"><subfield code="a">Marquette County (Mich.)</subfield><subfield code="v">Newspapers.</subfield></datafield><datafield ind1=" " ind2="7" tag="655"><subfield code="a">Newspapers.</subfield><subfield code="2">fast</subfield><subfield code="0">(OCoLC)fst01423814</subfield></datafield><datafield ind1=" " ind2="7" tag="651"><subfield code="a">Michigan</subfield><subfield code="z">Ishpeming.</subfield><subfield code="2">fast</subfield><subfield code="0">(OCoLC)fst01231534</subfield></datafield><datafield ind1=" " ind2="7" tag="651"><subfield code="a">Michigan</subfield><subfield code="z">Marquette County.</subfield><subfield code="2">fast</subfield><subfield code="0">(OCoLC)fst01213518</subfield></datafield><datafield ind1=" " ind2=" " tag="752"><subfield code="a">United States</subfield><subfield code="b">Michigan</subfield><subfield code="c">Marquette</subfield><subfield code="d">Ishpeming.</subfield></datafield><datafield ind1="1" ind2="7" tag="785"><subfield code="t">Iron ore (Ishpeming, Mich.)</subfield><subfield code="w">(DLC)sn 83025275</subfield><subfield code="w">(OCoLC)9360499</subfield></datafield><datafield ind1="1" ind2="7" tag="785"><subfield code="t">Iron ore and reflector</subfield><subfield code="w">(DLC)sn 86086913</subfield><subfield code="w">(OCoLC)15025032</subfield></datafield></record>